% this is the bibliography file

@misc{kobj-zen,
  title = 	 {The zen of kobjects},
  howpublished = {\url{http://lwn.net/Articles/51437/}},
  note = 	 {[Online; accessed 26-02-2012]}
}

@misc{kobj-krefs,
  author = 	 {Greg Kroah-Hartman},
  title = 	 {kobjects and krefs},
  howpublished = {\url{http://www.kroah.com/linux/talks/ols_2004_kref_paper/Reprint-Kroah-Hartman-OLS2004.pdf}},
  note = 	 {[Online; accessed 27-02-2012]}
}

@misc{res-omission-faults,
  author = 	 {Suman Saha, Julia Lawall, Gilles Muller},
  title = 	 {Finding Resource-Release Omission Faults in Linux},
  howpublished = {\url{http://pagesperso-systeme.lip6.fr/Suman.Saha/src/plos11.pdf}},
  note = 	 {[Online; accessed 27-02-2012]}
}

@misc{sysfs-kobj,
  title = 	 {Sysfs and kobjects},
  howpublished = {\url{http://www.win.tue.nl/~aeb/linux/lk/lk-13.html}},
  note = 	 {[Online; accessed 27-02-2012]}
}

@misc{lin-overview-kref,
  author = 	 {Paul E. McKenney},
  title = 	 {Overview of Linux-Kernel Reference Counting},
  howpublished = {\url{http://www.open-std.org/jtc1/sc22/wg21/docs/papers/2007/n2167.pdf}},
  note = 	 {[Online; accessed 28-02-2012]}
}

@misc{kref-utilization,
  author = 	 {Corey Minyard},
  title = 	 {How to use kref structure},
  howpublished = {\url{http://marcbug.scc-dc.com/svn/repository/trunk/linuxkernel/linux-2.6.16-mcemu/Documentation/kref.txt}},
  note = 	 {[Online; accessed 28-02-2012]}
}

@misc{kobj-ksets-subsystem,
  title = 	 {Kobjecs, Ksets and Subsystem},
  howpublished = {\url{http://www.makelinux.net/ldd3/chp-14-sect-1}},
  note = 	 {[Online; accessed 28-02-2012]}
}

@misc{linux-compile,
  title = 	 {How to compile Linux Kernel},
  howpublished = {\url{http://elf.cs.pub.ro/so2/wiki/laboratoare/lab_compilare}},
  note = 	 {[Online; accessed 20-03-2012]}
}

@misc{how-to-stacktrace,
  title = 	 {How to use stacktrace},
  howpublished = {\url{http://stackoverflow.com/questions/5863122/how-to-include-c-backtrace-in-a-kernel-module-code}},
  note = 	 {[Online; accessed 29-04-2012]}
}

@misc{rcu-fundam,
  author = 	 {Paul E. McKenney, Jonathan Walpole},
  title = 	 {What is RCU, Fundamentally?},
  howpublished = {\url{http://lwn.net/Articles/262464/}},
  note = 	 {[Online; accessed 20-05-2012]}
}

@misc{rcu-part-two,
  author = 	 {Paul E. McKenney},
  title = 	 {What is RCU? Part2: Usage},
  howpublished = {\url{http://lwn.net/Articles/263130/}},
  note = 	 {[Online; accessed 20-05-2012]}
}

@misc{how-to-procfs,
  title = 	 {Creating a Read/Write proc entry},
  howpublished = {\url{http://tuxthink.blogspot.ro/2011/02/creating-readwrite-proc-entry.html}},
  note = 	 {[Online; accessed 22-05-2012]}
}

@misc{how-to-procfs-two,
  title = 	 {Creating and using proc files},
  howpublished = {\url{http://www.rt-embedded.com/blog/archives/creating-and-using-proc-files/}},
  note = 	 {[Online; accessed 22-05-2012]}
}

@misc{seq-file-one,
  title = 	 {The Kernel Newbie Corner: Kernel Debugging with proc "Sequence" Files--Part 1},
  howpublished = {\url{https://www.linux.com/learn/linux-career-center/37985-the-kernel-newbie-corner-kernel-debugging-using-proc-qsequenceq-files-part-1}},
  note = 	 {[Online; accessed 30-05-2012]}
}

@misc{seq-file-two,
  title = 	 {The Kernel Newbie Corner: Kernel Debugging with proc "Sequence" Files--Part 2},
  howpublished = {\url{https://www.linux.com/learn/linux-career-center/39972-kernel-debugging-with-proc-qsequenceq-files-part-2-of-3}},
  note = 	 {[Online; accessed 30-05-2012]}
}

@misc{seq-file-three,
  title = 	 {The Kernel Newbie Corner: Kernel Debugging with proc "Sequence" Files--Part 3},
  howpublished = {\url{https://www.linux.com/learn/linux-career-center/44184-the-kernel-newbie-corner-kernel-debugging-with-proc-qsequenceq-files-part-3}},
  note = 	 {[Online; accessed 30-05-2012]}
}

@misc{python-argparse,
  title = 	 {Argparse Tutorial - Python},
  howpublished = {\url{http://docs.python.org/dev/howto/argparse.html#id1}},
  note = 	 {[Online; accessed 13-06-2012]}
}
